<record><leader>00000cas a22000007a 4500</leader><controlfield tag="001">19247220</controlfield><controlfield tag="008">890222d19uu1931nyuwn ne      0    0eng d</controlfield><datafield ind1=" " ind2=" " tag="010"><subfield code="a">sn 89071113 </subfield></datafield><datafield ind1=" " ind2=" " tag="040"><subfield code="a">NYG</subfield><subfield code="b">eng</subfield><subfield code="c">NYG</subfield><subfield code="d">NYS</subfield><subfield code="d">OCLCQ</subfield></datafield><datafield ind1=" " ind2=" " tag="042"><subfield code="a">msc</subfield></datafield><datafield ind1="0" ind2="0" tag="245"><subfield code="a">Pawling-Patterson news.</subfield></datafield><datafield ind1=" " ind2=" " tag="260"><subfield code="a">Pawling, N.Y. :</subfield><subfield code="b">Ray F. Dalzell</subfield></datafield><datafield ind1=" " ind2=" " tag="300"><subfield code="a">v.</subfield></datafield><datafield ind1=" " ind2=" " tag="310"><subfield code="a">Weekly</subfield></datafield><datafield ind1="1" ind2=" " tag="362"><subfield code="a">Ceased in Oct. 1931.</subfield></datafield><datafield ind1=" " ind2=" " tag="500"><subfield code="a">Published every weekend.</subfield></datafield><datafield ind1=" " ind2=" " tag="588"><subfield code="a">Description based on: Vol. 20, no. 12 (Apr. 1, 1921).</subfield></datafield><datafield ind1=" " ind2=" " tag="588"><subfield code="a">Latest issue consulted: Vol. 30, no. 41 (Oct. 9, 1931).</subfield></datafield><datafield ind1=" " ind2="4" tag="651"><subfield code="a">Pawling (N.Y.)</subfield><subfield code="v">Newspapers.</subfield></datafield><datafield ind1=" " ind2="4" tag="651"><subfield code="a">Patterson (N.Y.)</subfield><subfield code="v">Newspapers.</subfield></datafield><datafield ind1=" " ind2=" " tag="752"><subfield code="a">United States</subfield><subfield code="b">New York</subfield><subfield code="c">Dutchess</subfield><subfield code="d">Pawling.</subfield></datafield><datafield ind1=" " ind2=" " tag="752"><subfield code="a">United States</subfield><subfield code="b">New York</subfield><subfield code="c">Putnam</subfield><subfield code="d">Patterson.</subfield></datafield><datafield ind1="0" ind2="0" tag="780"><subfield code="t">Patterson weekly news</subfield><subfield code="w">(DLC)sn 83031650</subfield></datafield><datafield ind1="0" ind2="7" tag="785"><subfield code="t">Dover-Wingdale news</subfield></datafield><datafield ind1="0" ind2="7" tag="785"><subfield code="t">Pawling-Patterson news and the Dover-Wingdale news combined</subfield><subfield code="w">(DLC)sn8900071114</subfield><subfield code="w">(OCoLC)19247682</subfield></datafield></record>